@ONLINE{CameraInstallation, 
title = {Surveillance Camera Installation for your Business},
url = {http://www.downtoearthcommunications.com/com-cctv.php}
}
@Manual{Blender,
   title = {Blender - a 3D modelling and rendering package},
   author = {{Blender Online Community}},
   organization = {Blender Foundation},
   address = {Blender Institute, Amsterdam},
   url = {http://www.blender.org},
 }
